02RETORNO01COBRANCA       00000000000004136750CONEXIS INTERNET PROVIDER LTDA237BRADESCO       0809100160000000441                                                                                                                                                                                                                                                                          090910         000001
10209391554000131000000901779001282950000000000000000250070201000000000195000025280000000000000000000000000906080910025007020100000000019500002528100810000000000520023701779  000000000000000000000000000000000000000000000000000000000000000000000000000000000000000549500000000002950000000000000   090910             00000000000000                                                                  000002
10209391554000131000000901779001282950000000000000000260065501000000000224000000490000000000000000000000000906080910026006550100000000022400000049100910000000001540004100218  000000000000000000000000000000000000000000000000000000000000000000000000000000000000001540000000000000000000000000000   090910             00000000000000                                                                  000003
10209391554000131000000901779001282950000000000000000260049301000000000224000000650000000000000000000000000906080910026004930100000000022400000065100910000000000827000100465  000000000000000000000000000000000000000000000000000000000000000000000000000000000000000827000000000000000000000000000   090910             00000000000000                                                                  000004
10209391554000131000000901779001282950000000000000000260077501000000000224000000810000000000000000000000000906080910026007750100000000022400000081100910000000000610004100218  000000000000000000000000000000000000000000000000000000000000000000000000000000000000000610000000000000000000000000000   090910             00000000000000                                                                  000005
10209391554000131000000901779001282950000000000000000260082701000000000224000001460000000000000000000000000906080910026008270100000000022400000146100910000000000640023701779  000000000000000000000000000000000000000000000000000000000000000000000000000000000000000640000000000000000000000000000   090910             00000000000000                                                                  000006
10209391554000131000000901779001282950000000000000000260074601000000000224000004210000000000000000000000000906080910026007460100000000022400000421100910000000000520023701779  000000000000000000000000000000000000000000000000000000000000000000000000000000000000000520000000000000000000000000000   090910             00000000000000                                                                  000007
10209391554000131000000901779001282950000000000000000260078101000000000224000006500000000000000000000000000906080910026007810100000000022400000650100910000000000610010400476  000000000000000000000000000000000000000000000000000000000000000000000000000000000000000610000000000000000000000000000   090910             00000000000000                                                                  000008
10209391554000131000000901779001282950000000000000000260088401000000000224000006850000000000000000000000000906080910026008840100000000022400000685100910000000000550004100128  000000000000000000000000000000000000000000000000000000000000000000000000000000000000000550000000000000000000000000000   090910             00000000000000                                                                  000009
10209391554000131000000901779001282950000000000000000260061101000000000224000007150000000000000000000000000906080910026006110100000000022400000715100910000000002500010400476  000000000000000000000000000000000000000000000000000000000000000000000000000000000000002500000000000000000000000000000   090910             00000000000000                                                                  000010
10209391554000131000000901779001282950000000000000000260084401000000000224000007580000000000000000000000000906080910026008440100000000022400000758100910000000000550004100218  000000000000000000000000000000000000000000000000000000000000000000000000000000000000000550000000000000000000000000000   090910             00000000000000                                                                  000011
10209391554000131000000901779001282950000000000000000260084501000000000224000008980000000000000000000000000906080910026008450100000000022400000898100910000000000830010400476  000000000000000000000000000000000000000000000000000000000000000000000000000000000000000830000000000000000000000000000   090910             00000000000000                                                                  000012
10209391554000131000000901779001282950000000000000000260043901000000000224000009870000000000000000000000000906080910026004390100000000022400000987100910000000001040174800167  000000000000000000000000000000000000000000000000000000000000000000000000000000000000001040100000000000000000000000000   090910             00000000000000                                                                  000013
10209391554000131000000901779001282950000000000000000260070501000000000224000009950000000000000000000000000906080910026007050100000000022400000995100910000000000770023701779  000000000000000000000000000000000000000000000000000000000000000000000000000000000000000770000000000000000000000000000   090910             00000000000000                                                                  000014
10209391554000131000000901779001282950000000000000000260055501000000000224000010370000000000000000000000000906080910026005550100000000022400001037050910000000000710323701779  000000000000000000000000000000000000000000000000000000000000000000000000000000000000000715200000000000490000000000000   090910             00000000000000                                                                  000015
10209391554000131000000901779001282950000000000000000260085701000000000224000011420000000000000000000000000906080910026008570100000000022400001142100910000000000640004100218  000000000000000000000000000000000000000000000000000000000000000000000000000000000000000640000000000000000000000000000   090910             00000000000000                                                                  000016
10209391554000131000000901779001282950000000000000000260053901000000000224000012660000000000000000000000000906080910026005390100000000022400001266100910000000000527010400476  000000000000000000000000000000000000000000000000000000000000000000000000000000000000000527000000000000000000000000000   090910             00000000000000                                                                  000017
10209391554000131000000901779001282950000000000000000260090001000000000224000013120000000000000000000000000906080910026009000100000000022400001312100910000000001890004100128  000000000000000000000000000000000000000000000000000000000000000000000000000000000000001890000000000000000000000000000   090910             00000000000000                                                                  000018
10209391554000131000000901779001282950000000000000000260088101000000000224000016730000000000000000000000000906080910026008810100000000022400001673100910000000000780010400476  000000000000000000000000000000000000000000000000000000000000000000000000000000000000000780000000000000000000000000000   090910             00000000000000                                                                  000019
10209391554000131000000901779001282950000000000000000260045401000000000224000017110000000000000000000000000906080910026004540100000000022400001711100910000000000550074800167  000000000000000000000000000000000000000000000000000000000000000000000000000000000000000550000000000000000000000000000   090910             00000000000000                                                                  000020
10209391554000131000000901779001282950000000000000000260079701000000000224000017540000000000000000000000000906080910026007970100000000022400001754100910000000000550023701779  000000000000000000000000000000000000000000000000000000000000000000000000000000000000000550000000000000000000000000000   090910             00000000000000                                                                  000021
10209391554000131000000901779001282950000000000000000260039401000000000224000019750000000000000000000000000906080910026003940100000000022400001975100910000000000550004100128  000000000000000000000000000000000000000000000000000000000000000000000000000000000000000550000000000000000000000000000   090910             00000000000000                                                                  000022
10209391554000131000000901779001282950000000000000000260078501000000000224000020090000000000000000000000000906080910026007850100000000022400002009100910000000000520004100218  000000000000000000000000000000000000000000000000000000000000000000000000000000000000000520000000000000000000000000000   090910             00000000000000                                                                  000023
10209391554000131000000901779001282950000000000000000260051601000000000224000021140000000000000000000000000906080910026005160100000000022400002114100910000000000678004100128  000000000000000000000000000000000000000000000000000000000000000000000000000000000000000678000000000000000000000000000   090910             00000000000000                                                                  000024
10209391554000131000000901779001282950000000000000000260085301000000000224000023350000000000000000000000000906080910026008530100000000022400002335100910000000000720010400476  000000000000000000000000000000000000000000000000000000000000000000000000000000000000000720000000000000000000000000000   090910             00000000000000                                                                  000025
10209391554000131000000901779001282950000000000000000260085401000000000224000024670000000000000000000000000906080910026008540100000000022400002467100910000000000830004100128  000000000000000000000000000000000000000000000000000000000000000000000000000000000000000830000000000000000000000000000   090910             00000000000000                                                                  000026
10209391554000131000000901779001282950000000000000000260083401000000000224000025050000000000000000000000000906080910026008340100000000022400002505100910000000000827004100218  000000000000000000000000000000000000000000000000000000000000000000000000000000000000000827000000000000000000000000000   090910             00000000000000                                                                  000027
10209391554000131000000901779001282950000000000000000260072701000000000224000025130000000000000000000000000906080910026007270100000000022400002513100910000000000520010400476  000000000000000000000000000000000000000000000000000000000000000000000000000000000000000520000000000000000000000000000   090910             00000000000000                                                                  000028
10209391554000131000000901779001282950000000000000000260041101000000000224000026290000000000000000000000000906080910026004110100000000022400002629100910000000000680023703269  000000000000000000000000000000000000000000000000000000000000000000000000000000000000000680000000000000000000000000000   090910             00000000000000                                                                  000029
10209391554000131000000901779001282950000000000000000260061401000000000224000029470000000000000000000000000906080910026006140100000000022400002947100910000000000102004100218  000000000000000000000000000000000000000000000000000000000000000000000000000000000000000102000000000000000000000000000   090910             00000000000000                                                                  000030
10209391554000131000000901779001282950000000000000000260067301000000000224000030480000000000000000000000000906080910026006730100000000022400003048100910000000000610004100218  000000000000000000000000000000000000000000000000000000000000000000000000000000000000000610000000000000000000000000000   090910             00000000000000                                                                  000031
10209391554000131000000901779001282950000000000000000260081701000000000224000030720000000000000000000000000906080910026008170100000000022400003072100910000000000550010400476  000000000000000000000000000000000000000000000000000000000000000000000000000000000000000550000000000000000000000000000   090910             00000000000000                                                                  000032
10209391554000131000000901779001282950000000000000000260070701000000000224000030800000000000000000000000000906080910026007070100000000022400003080100910000000000520023701779  000000000000000000000000000000000000000000000000000000000000000000000000000000000000000520000000000000000000000000000   090910             00000000000000                                                                  000033
102093915540001310000009017790012829500000000000000002600422010000000002240000320P000000000000000000000000090608091002600422010000000002240000320P100910000000000678000100465  000000000000000000000000000000000000000000000000000000000000000000000000000000000000000678000000000000000000000000000   090910             00000000000000                                                                  000034
10209391554000131000000901779001282950000000000000000260039301000000000224000033070000000000000000000000000906080910026003930100000000022400003307100910000000000827010400476  000000000000000000000000000000000000000000000000000000000000000000000000000000000000000827000000000000000000000000000   090910             00000000000000                                                                  000035
10209391554000131000000901779001282950000000000000000260087401000000000224000034040000000000000000000000000906080910026008740100000000022400003404100910000000000550010400476  000000000000000000000000000000000000000000000000000000000000000000000000000000000000000550000000000000000000000000000   090910             00000000000000                                                                  000036
10209391554000131000000901779001282950000000000000000260038301000000000224000036840000000000000000000000000906080910026003830100000000022400003684100910000000000827010400476  000000000000000000000000000000000000000000000000000000000000000000000000000000000000000827000000000000000000000000000   090910             00000000000000                                                                  000037
10209391554000131000000901779001282950000000000000000260077701000000000224000037650000000000000000000000000906080910026007770100000000022400003765100910000000000610004100218  000000000000000000000000000000000000000000000000000000000000000000000000000000000000000610000000000000000000000000000   090910             00000000000000                                                                  000038
10209391554000131000000901779001282950000000000000000260063501000000000224000037810000000000000000000000000906080910026006350100000000022400003781100910000000000710323701779  000000000000000000000000000000000000000000000000000000000000000000000000000000000000000710300000000000000000000000000   090910             00000000000000                                                                  000039
10209391554000131000000901779001282950000000000000000260074201000000000224000038460000000000000000000000000906080910026007420100000000022400003846100910000000000520010400476  000000000000000000000000000000000000000000000000000000000000000000000000000000000000000520000000000000000000000000000   090910             00000000000000                                                                  000040
10209391554000131000000901779001282950000000000000000260083301000000000224000039430000000000000000000000000906080910026008330100000000022400003943100910000000000550010400476  000000000000000000000000000000000000000000000000000000000000000000000000000000000000000550000000000000000000000000000   090910             00000000000000                                                                  000041
9201237          000002310000000216334500000441          00000000000000000000000295681000400000002953370000000000000000000000000000000000000000000000000000000000000000000000000000000000000                                                                                                                                                                              00000000000000000000000         000042
