01REMESSA01COBRANCA       00000000000004156750CONEXIS INTERNET PROVIDER LTDA237BRADESCO       180708        MX0000001                                                                                                                                                                                                                                                                                     000001
1                   0009017790012829500000000000000000100133012372001000000000000000000000001S           1  01001001330110080800000000067800000000001A180708183000000000000000000000000000000000             00000000000000200000930221079CAMILO ALBERTO FACHINELLI               RUA EDUARDO BITENCOURT, 752                         95720000                                                            000002
1                   0009017790012829500000000000000000100134012372001000000000000000000000001S           1  01001001340110080800000000082700000000001A180708183000000000000000000000000000000000             00000000000000200089667484068MARCIA SOPELSA                          RUA CEARA, 95                                       95720000                                                            000003
9                                                                                                                                                                                                                                                                                                                                                                                                         000003
